<?xml version="1.0" encoding="UTF-8"?><collection xmlns="http://www.loc.gov/MARC21/slim"><record><leader>00569nam--2200169-i-4500</leader><controlfield tag="001">000047254</controlfield><controlfield tag="002">20161230</controlfield><controlfield tag="005">20161230201046</controlfield><controlfield tag="008">060222s1000------------r-----000-0-eng-d</controlfield><datafield ind1=" " ind2=" " tag="080"><subfield code="a">531</subfield></datafield><datafield ind1="1" ind2=" " tag="100"><subfield code="a">Wells, Dare A</subfield></datafield><datafield ind1="1" ind2="0" tag="245"><subfield code="a">Sachaum,s outline of theory and problems of lagrangian dynamics with a tratment of euler`s equations of motion, hamilton`s equations and hamilton`s prinmciple</subfield><subfield code="c">Dare A. Wells</subfield></datafield><datafield ind1=" " ind2=" " tag="260"><subfield code="a">New York, Mcgraw-hill Book Co., 1967,</subfield></datafield><datafield ind1=" " ind2=" " tag="300"><subfield code="a">353P</subfield></datafield><datafield ind1=" " ind2=" " tag="490"><subfield code="a">Schaum`S Outline Series</subfield></datafield><datafield ind1=" " ind2=" " tag="852"><subfield code="a">32839</subfield><subfield code="c">531</subfield></datafield><datafield ind1=" " ind2=" " tag="CAT"><subfield code="a">Sys</subfield><subfield code="c">20100623</subfield><subfield code="h">143341</subfield></datafield></record></collection>